@article{Kraus:12, 
author = {Martin F. Kraus and Benjamin Potsaid and Markus A. Mayer and Ruediger Bock and Bernhard Baumann and Jonathan J. Liu and Joachim Hornegger and James G. Fujimoto}, 
journal = {Biomed. Opt. Express}, 
keywords = {Image enhancement; Pattern recognition; Ophthalmology; Optical coherence tomography},
number = {6}, 
pages = {1182--1199}, 
publisher = {OSA},
title = {Motion correction in optical coherence tomography volumes on a per A-scan basis using orthogonal scan patterns}, 
volume = {3}, 
month = {June},
year = {2012},
url = {http://www.osapublishing.org/boe/abstract.cfm?URI=boe-3-6-1182},
doi = {10.1364/BOE.3.001182},
}

@online{Strong:11,
	Author = {James Strong},
	Title = {Retinal OCT Imaging},
	Url = {http://www.opsweb.org/?page=RetinalOCT},
	Year = {2011},
}
